@Article{Flexpart10.4_ref,
AUTHOR = {Pisso, I. and Sollum, E. and Grythe, H. and Kristiansen, N. I. and Cassiani, M. and Eckhardt, S. and Arnold, D. and Morton, D. and Thompson, R. L. and Groot Zwaaftink, C. D. and Evangeliou, N. and Sodemann, H. and Haimberger, L. and Henne, S. and Brunner, D. and Burkhart, J. F. and Fouilloux, A. and Brioude, J. and Philipp, A. and Seibert, P. and Stohl, A.},
TITLE = {The Lagrangian particle dispersion model FLEXPART version 10.4},
JOURNAL = {Geoscientific Model Development},
VOLUME = {12},
YEAR = {2019},
NUMBER = {12},
PAGES = {4955--4997},
URL = {https://gmd.copernicus.org/articles/12/4955/2019/},
DOI = {10.5194/gmd-12-4955-2019}
}

@Article{flexpart_wetdep,
AUTHOR = {Grythe, H. and Kristiansen, N. I. and Groot Zwaaftink, C. D. and Eckhardt, S. and Str\"om, J. and Tunved, P. and Krejci, R. and Stohl, A.},
TITLE = {A new aerosol wet removal scheme for the Lagrangian particle model FLEXPART v10},
JOURNAL = {Geoscientific Model Development},
VOLUME = {10},
YEAR = {2017},
NUMBER = {4},
PAGES = {1447--1466},
URL = {https://gmd.copernicus.org/articles/10/1447/2017/},
DOI = {10.5194/gmd-10-1447-2017}
}

@Article{Flexpart-2005_ref_paper,
AUTHOR = {Stohl, A. and Forster, C. and Frank, A. and Seibert, P. and Wotawa, G.},
TITLE = {Technical note: The Lagrangian particle dispersion model FLEXPART version 6.2},
JOURNAL = {Atmospheric Chemistry and Physics},
VOLUME = {5},
YEAR = {2005},
NUMBER = {9},
PAGES = {2461--2474},
URL = {https://acp.copernicus.org/articles/5/2461/2005/},
DOI = {10.5194/acp-5-2461-2005}
}